@misc{siteDownload,
urlaccessdate = {5 de fevereiro de 2021.},
title = "Nova Star Download",
url = "https://www.novastar.tech/downloads/",
}
